<record><header><identifier>oai:bibliofil.no:NO-2030000:16100</identifier><datestamp>2012-05-21</datestamp><setSpec>bibliofil:data</setSpec></header><metadata><marcxchange:record format="normarc" type="Bibliographic" xmlns:marcxchange="info:lc/xmlns/marcxchange-v1"><marcxchange:leader>00453nam  2200181   4500</marcxchange:leader><marcxchange:controlfield tag="001">16100</marcxchange:controlfield><marcxchange:controlfield tag="008">870908                j          1 dan  </marcxchange:controlfield><marcxchange:datafield tag="015" ind1=" " ind2=" "><marcxchange:subfield code="a">119</marcxchange:subfield><marcxchange:subfield code="b">BibliofilID</marcxchange:subfield></marcxchange:datafield><marcxchange:datafield tag="019" ind1=" " ind2=" "><marcxchange:subfield code="b">l</marcxchange:subfield></marcxchange:datafield><marcxchange:datafield tag="020" ind1=" " ind2=" "><marcxchange:subfield code="a">8741814479</marcxchange:subfield><marcxchange:subfield code="c">NOK24</marcxchange:subfield></marcxchange:datafield><marcxchange:datafield tag="090" ind1=" " ind2=" "><marcxchange:subfield code="b">bl Dan     . Pet</marcxchange:subfield></marcxchange:datafield><marcxchange:datafield tag="100" ind1=" " ind2="0"><marcxchange:subfield code="a">Petersen, Palle</marcxchange:subfield><marcxchange:subfield code="d">1943-</marcxchange:subfield><marcxchange:subfield code="j">d.</marcxchange:subfield><marcxchange:subfield code="3">13711000</marcxchange:subfield></marcxchange:datafield><marcxchange:datafield tag="245" ind1="1" ind2="0"><marcxchange:subfield code="a">Jeg kan ikke se dig</marcxchange:subfield></marcxchange:datafield><marcxchange:datafield tag="260" ind1=" " ind2=" "><marcxchange:subfield code="a">Kbh.</marcxchange:subfield><marcxchange:subfield code="c">1974   </marcxchange:subfield><marcxchange:subfield code="b">Borgen</marcxchange:subfield></marcxchange:datafield><marcxchange:datafield tag="300" ind1=" " ind2=" "><marcxchange:subfield code="a">40 s.</marcxchange:subfield></marcxchange:datafield><marcxchange:datafield tag="440" ind1=" " ind2=" "><marcxchange:subfield code="a">Emneserien</marcxchange:subfield><marcxchange:subfield code="3">10021300</marcxchange:subfield></marcxchange:datafield><marcxchange:datafield tag="692" ind1=" " ind2=" "><marcxchange:subfield code="a">Synshemmede barn</marcxchange:subfield><marcxchange:subfield code="x">Billedbøker</marcxchange:subfield><marcxchange:subfield code="3">10021400</marcxchange:subfield></marcxchange:datafield><marcxchange:datafield tag="850" ind1=" " ind2=" "><marcxchange:subfield code="a">NO-2030000</marcxchange:subfield><marcxchange:subfield code="b">Grünerløkka filial.</marcxchange:subfield><marcxchange:subfield code="c">bl</marcxchange:subfield><marcxchange:subfield code="f">9</marcxchange:subfield><marcxchange:subfield code="h">0</marcxchange:subfield><marcxchange:subfield code="x">2012-08-02T11:54+0200</marcxchange:subfield></marcxchange:datafield><marcxchange:datafield tag="996" ind1=" " ind2=" "><marcxchange:subfield code="u">http://www.deich.folkebibl.no/cgi-bin/websok?tnr=16100&amp;sourceid=OAI</marcxchange:subfield><marcxchange:subfield code="t">local</marcxchange:subfield></marcxchange:datafield></marcxchange:record></metadata></record><record><header status="deleted"><identifier>oai:bibliofil.no:NO-2030000:18717</identifier><datestamp>2012-05-21</datestamp><setSpec>bibliofil:data</setSpec></header></record><record><header status="deleted"><identifier>oai:bibliofil.no:NO-2030000:20011</identifier><datestamp>2012-05-21</datestamp><setSpec>bibliofil:data</setSpec></header></record>