<record><header><identifier>oai:bibliofil.no:NO-2030000:20124</identifier><datestamp>2012-05-21</datestamp><setSpec>bibliofil:data</setSpec></header><metadata><marcxchange:record format="normarc" type="Bibliographic" xmlns:marcxchange="info:lc/xmlns/marcxchange-v1"><marcxchange:leader>00708nam  2200229   4500</marcxchange:leader><marcxchange:controlfield tag="001">20124</marcxchange:controlfield><marcxchange:controlfield tag="008">890724                a          00dan</marcxchange:controlfield><marcxchange:datafield tag="015" ind1=" " ind2=" "><marcxchange:subfield code="a">1201476</marcxchange:subfield><marcxchange:subfield code="b">BibliofilID</marcxchange:subfield></marcxchange:datafield><marcxchange:datafield tag="019" ind1=" " ind2=" "><marcxchange:subfield code="b">l</marcxchange:subfield></marcxchange:datafield><marcxchange:datafield tag="020" ind1=" " ind2=" "><marcxchange:subfield code="a">8700075825</marcxchange:subfield><marcxchange:subfield code="b">(h.)</marcxchange:subfield><marcxchange:subfield code="c">Nkr165.00.</marcxchange:subfield></marcxchange:datafield><marcxchange:datafield tag="082" ind1="3" ind2=" "><marcxchange:subfield code="a">940.27</marcxchange:subfield><marcxchange:subfield code="z">h</marcxchange:subfield><marcxchange:subfield code="2">5</marcxchange:subfield></marcxchange:datafield><marcxchange:datafield tag="090" ind1=" " ind2=" "><marcxchange:subfield code="a">+r</marcxchange:subfield><marcxchange:subfield code="c">940.27</marcxchange:subfield><marcxchange:subfield code="d">Bon</marcxchange:subfield></marcxchange:datafield><marcxchange:datafield tag="100" ind1=" " ind2="0"><marcxchange:subfield code="a">Bondebjerg, Ulla</marcxchange:subfield><marcxchange:subfield code="j">d.</marcxchange:subfield><marcxchange:subfield code="3">10031000</marcxchange:subfield></marcxchange:datafield><marcxchange:datafield tag="245" ind1="1" ind2="0"><marcxchange:subfield code="a">Europa i revolution</marcxchange:subfield><marcxchange:subfield code="b">1789-1871</marcxchange:subfield></marcxchange:datafield><marcxchange:datafield tag="260" ind1=" " ind2=" "><marcxchange:subfield code="a">Copenhagen</marcxchange:subfield><marcxchange:subfield code="b">Gyldendal</marcxchange:subfield><marcxchange:subfield code="c">1988</marcxchange:subfield></marcxchange:datafield><marcxchange:datafield tag="300" ind1=" " ind2=" "><marcxchange:subfield code="a">117 s.</marcxchange:subfield><marcxchange:subfield code="b">ill., kart., port.</marcxchange:subfield></marcxchange:datafield><marcxchange:datafield tag="500" ind1=" " ind2=" "><marcxchange:subfield code="a">Har bibliografi.</marcxchange:subfield></marcxchange:datafield><marcxchange:datafield tag="599" ind1=" " ind2=" "><marcxchange:subfield code="a">r91 xbsj1114</marcxchange:subfield></marcxchange:datafield><marcxchange:datafield tag="650" ind1=" " ind2="1"><marcxchange:subfield code="a">Europa</marcxchange:subfield><marcxchange:subfield code="x">Historie</marcxchange:subfield><marcxchange:subfield code="x">1789-1899</marcxchange:subfield><marcxchange:subfield code="1">940.28</marcxchange:subfield><marcxchange:subfield code="3">10031300</marcxchange:subfield></marcxchange:datafield><marcxchange:datafield tag="650" ind1=" " ind2="2"><marcxchange:subfield code="a">Frankrike</marcxchange:subfield><marcxchange:subfield code="x">Historie</marcxchange:subfield><marcxchange:subfield code="x">1789-1804</marcxchange:subfield><marcxchange:subfield code="x">Revolusjon</marcxchange:subfield><marcxchange:subfield code="1">944.04</marcxchange:subfield><marcxchange:subfield code="4">d5</marcxchange:subfield><marcxchange:subfield code="3">21053700</marcxchange:subfield></marcxchange:datafield><marcxchange:datafield tag="650" ind1=" " ind2="2"><marcxchange:subfield code="a">Revolusjoner</marcxchange:subfield><marcxchange:subfield code="0">statsformer, generalia</marcxchange:subfield><marcxchange:subfield code="1">321.09</marcxchange:subfield><marcxchange:subfield code="6">323.2 z</marcxchange:subfield><marcxchange:subfield code="3">10031100</marcxchange:subfield></marcxchange:datafield><marcxchange:datafield tag="850" ind1=" " ind2=" "><marcxchange:subfield code="a">NO-2030000</marcxchange:subfield><marcxchange:subfield code="b">Majorstuen filial</marcxchange:subfield><marcxchange:subfield code="f">9</marcxchange:subfield><marcxchange:subfield code="h">0</marcxchange:subfield><marcxchange:subfield code="x">2012-08-02T11:54+0200</marcxchange:subfield></marcxchange:datafield><marcxchange:datafield tag="850" ind1=" " ind2=" "><marcxchange:subfield code="a">NO-2030000</marcxchange:subfield><marcxchange:subfield code="b">Voksenavdelingen, Hovedbiblioteket</marcxchange:subfield><marcxchange:subfield code="f">2</marcxchange:subfield><marcxchange:subfield code="h">0</marcxchange:subfield><marcxchange:subfield code="x">2012-08-02T11:54+0200</marcxchange:subfield></marcxchange:datafield><marcxchange:datafield tag="996" ind1=" " ind2=" "><marcxchange:subfield code="u">http://www.deich.folkebibl.no/cgi-bin/websok?tnr=20124&amp;sourceid=OAI</marcxchange:subfield><marcxchange:subfield code="t">local</marcxchange:subfield></marcxchange:datafield></marcxchange:record></metadata></record>