<record><header><identifier>oai:bibliofil.no:NO-2030000:20177</identifier><datestamp>2012-05-21</datestamp><setSpec>bibliofil:data</setSpec></header><metadata><marcxchange:record format="normarc" type="Bibliographic" xmlns:marcxchange="info:lc/xmlns/marcxchange-v1"><marcxchange:leader>00806nam  2200241   4500</marcxchange:leader><marcxchange:controlfield tag="001">20177</marcxchange:controlfield><marcxchange:controlfield tag="008">890726                a          00dan</marcxchange:controlfield><marcxchange:datafield tag="015" ind1=" " ind2=" "><marcxchange:subfield code="a">278</marcxchange:subfield><marcxchange:subfield code="b">BibliofilID</marcxchange:subfield></marcxchange:datafield><marcxchange:datafield tag="019" ind1=" " ind2=" "><marcxchange:subfield code="b">l</marcxchange:subfield></marcxchange:datafield><marcxchange:datafield tag="020" ind1=" " ind2=" "><marcxchange:subfield code="a">8772583371</marcxchange:subfield></marcxchange:datafield><marcxchange:datafield tag="082" ind1="3" ind2=" "><marcxchange:subfield code="a">920.71</marcxchange:subfield><marcxchange:subfield code="z">h</marcxchange:subfield><marcxchange:subfield code="2">d</marcxchange:subfield></marcxchange:datafield><marcxchange:datafield tag="090" ind1=" " ind2=" "><marcxchange:subfield code="c">920.71</marcxchange:subfield><marcxchange:subfield code="d">Blixen-Finecke, B.</marcxchange:subfield></marcxchange:datafield><marcxchange:datafield tag="091" ind1=" " ind2=" "><marcxchange:subfield code="c">920.9</marcxchange:subfield><marcxchange:subfield code="d">r</marcxchange:subfield></marcxchange:datafield><marcxchange:datafield tag="100" ind1=" " ind2="0"><marcxchange:subfield code="a">Aschan, Ulf</marcxchange:subfield><marcxchange:subfield code="d">1937-</marcxchange:subfield><marcxchange:subfield code="j">d.</marcxchange:subfield><marcxchange:subfield code="3">10038100</marcxchange:subfield></marcxchange:datafield><marcxchange:datafield tag="240" ind1="1" ind2="0"><marcxchange:subfield code="a">Baron  Blixen : et porträtt av Baron Blixen-Finecke</marcxchange:subfield></marcxchange:datafield><marcxchange:datafield tag="245" ind1="1" ind2="0"><marcxchange:subfield code="a">Manden som kvinderne elskede</marcxchange:subfield><marcxchange:subfield code="b">Bror Blixens liv</marcxchange:subfield><marcxchange:subfield code="c">Ulf Aschan ; på dansk ved Birgitte Brix</marcxchange:subfield></marcxchange:datafield><marcxchange:datafield tag="260" ind1=" " ind2=" "><marcxchange:subfield code="a">[København]</marcxchange:subfield><marcxchange:subfield code="b">Sesam</marcxchange:subfield><marcxchange:subfield code="c">1988</marcxchange:subfield></marcxchange:datafield><marcxchange:datafield tag="300" ind1=" " ind2=" "><marcxchange:subfield code="a">240 s.</marcxchange:subfield><marcxchange:subfield code="b">ill., port.</marcxchange:subfield></marcxchange:datafield><marcxchange:datafield tag="574" ind1=" " ind2=" "><marcxchange:subfield code="a">Originaltittel: Baron  Blixen : et porträtt av Baron Blixen-Finecke</marcxchange:subfield></marcxchange:datafield><marcxchange:datafield tag="599" ind1=" " ind2=" "><marcxchange:subfield code="a">r91 xos1007</marcxchange:subfield></marcxchange:datafield><marcxchange:datafield tag="600" ind1=" " ind2=" "><marcxchange:subfield code="a">Blixen, Karen</marcxchange:subfield><marcxchange:subfield code="d">1885-1962</marcxchange:subfield><marcxchange:subfield code="j">d.</marcxchange:subfield><marcxchange:subfield code="1">839.81</marcxchange:subfield><marcxchange:subfield code="3">12694100</marcxchange:subfield></marcxchange:datafield><marcxchange:datafield tag="600" ind1=" " ind2="1"><marcxchange:subfield code="a">Blixen-Finecke, Bror von</marcxchange:subfield><marcxchange:subfield code="d">1886-1946</marcxchange:subfield><marcxchange:subfield code="j">sv.</marcxchange:subfield><marcxchange:subfield code="3">10038200</marcxchange:subfield></marcxchange:datafield><marcxchange:datafield tag="850" ind1=" " ind2=" "><marcxchange:subfield code="a">NO-2030000</marcxchange:subfield><marcxchange:subfield code="b">Voksenavdelingen, Hovedbiblioteket</marcxchange:subfield><marcxchange:subfield code="f">9</marcxchange:subfield><marcxchange:subfield code="h">0</marcxchange:subfield><marcxchange:subfield code="x">2012-08-02T11:54+0200</marcxchange:subfield></marcxchange:datafield><marcxchange:datafield tag="996" ind1=" " ind2=" "><marcxchange:subfield code="u">http://www.deich.folkebibl.no/cgi-bin/websok?tnr=20177&amp;sourceid=OAI</marcxchange:subfield><marcxchange:subfield code="t">local</marcxchange:subfield></marcxchange:datafield></marcxchange:record></metadata></record>