<record><header><identifier>oai:bibliofil.no:NO-2030000:26138</identifier><datestamp>2012-05-21</datestamp><setSpec>bibliofil:data</setSpec></header><metadata><marcxchange:record format="normarc" type="Bibliographic" xmlns:marcxchange="info:lc/xmlns/marcxchange-v1"><marcxchange:leader>00583nam  2200205   4500</marcxchange:leader><marcxchange:controlfield tag="001">26138</marcxchange:controlfield><marcxchange:controlfield tag="008">890713                a          00eng</marcxchange:controlfield><marcxchange:datafield tag="015" ind1=" " ind2=" "><marcxchange:subfield code="a">371</marcxchange:subfield><marcxchange:subfield code="b">BibliofilID</marcxchange:subfield></marcxchange:datafield><marcxchange:datafield tag="019" ind1=" " ind2=" "><marcxchange:subfield code="b">l</marcxchange:subfield></marcxchange:datafield><marcxchange:datafield tag="020" ind1=" " ind2=" "><marcxchange:subfield code="a">0-452-00908-1</marcxchange:subfield><marcxchange:subfield code="b">h.</marcxchange:subfield><marcxchange:subfield code="c">Nkr110.00</marcxchange:subfield></marcxchange:datafield><marcxchange:datafield tag="082" ind1="3" ind2=" "><marcxchange:subfield code="a">910.3</marcxchange:subfield><marcxchange:subfield code="z">h</marcxchange:subfield><marcxchange:subfield code="2">5</marcxchange:subfield></marcxchange:datafield><marcxchange:datafield tag="090" ind1=" " ind2=" "><marcxchange:subfield code="a">r</marcxchange:subfield><marcxchange:subfield code="c">910.3</marcxchange:subfield><marcxchange:subfield code="d">Nam</marcxchange:subfield></marcxchange:datafield><marcxchange:datafield tag="245" ind1="0" ind2="0"><marcxchange:subfield code="a">Names &amp; nicknames of places and things</marcxchange:subfield><marcxchange:subfield code="c">edited by Laurence Urdang</marcxchange:subfield></marcxchange:datafield><marcxchange:datafield tag="260" ind1=" " ind2=" "><marcxchange:subfield code="a">New York</marcxchange:subfield><marcxchange:subfield code="b">New American library</marcxchange:subfield><marcxchange:subfield code="c">1988</marcxchange:subfield></marcxchange:datafield><marcxchange:datafield tag="300" ind1=" " ind2=" "><marcxchange:subfield code="a">VIII, 325 s.</marcxchange:subfield></marcxchange:datafield><marcxchange:datafield tag="440" ind1=" " ind2="2"><marcxchange:subfield code="a">A Meridian book</marcxchange:subfield><marcxchange:subfield code="w">Meridian book</marcxchange:subfield><marcxchange:subfield code="3">33458700</marcxchange:subfield></marcxchange:datafield><marcxchange:datafield tag="650" ind1=" " ind2=" "><marcxchange:subfield code="a">Navn</marcxchange:subfield><marcxchange:subfield code="3">10047900</marcxchange:subfield></marcxchange:datafield><marcxchange:datafield tag="650" ind1=" " ind2=" "><marcxchange:subfield code="a">Stedsnavn</marcxchange:subfield><marcxchange:subfield code="x">Ordbøker</marcxchange:subfield><marcxchange:subfield code="1">910.3</marcxchange:subfield><marcxchange:subfield code="3">10048000</marcxchange:subfield></marcxchange:datafield><marcxchange:datafield tag="700" ind1=" " ind2="0"><marcxchange:subfield code="a">Urdang, Laurence</marcxchange:subfield><marcxchange:subfield code="3">10048100</marcxchange:subfield></marcxchange:datafield><marcxchange:datafield tag="850" ind1=" " ind2=" "><marcxchange:subfield code="a">NO-2030000</marcxchange:subfield><marcxchange:subfield code="b">Voksenavdelingen, Hovedbiblioteket</marcxchange:subfield><marcxchange:subfield code="f">2</marcxchange:subfield><marcxchange:subfield code="h">0</marcxchange:subfield><marcxchange:subfield code="x">2012-08-02T11:54+0200</marcxchange:subfield></marcxchange:datafield><marcxchange:datafield tag="996" ind1=" " ind2=" "><marcxchange:subfield code="u">http://www.deich.folkebibl.no/cgi-bin/websok?tnr=26138&amp;sourceid=OAI</marcxchange:subfield><marcxchange:subfield code="t">local</marcxchange:subfield></marcxchange:datafield></marcxchange:record></metadata></record>