<record><header><identifier>oai:bibliofil.no:NO-2030000:31751</identifier><datestamp>2012-05-21</datestamp><setSpec>bibliofil:data</setSpec></header><metadata><marcxchange:record format="normarc" type="Bibliographic" xmlns:marcxchange="info:lc/xmlns/marcxchange-v1"><marcxchange:leader>00707nam  2200241   4500</marcxchange:leader><marcxchange:controlfield tag="001">31751</marcxchange:controlfield><marcxchange:controlfield tag="007">                                          </marcxchange:controlfield><marcxchange:controlfield tag="008">871002                a          00nob r  </marcxchange:controlfield><marcxchange:datafield tag="015" ind1=" " ind2=" "><marcxchange:subfield code="a">962</marcxchange:subfield><marcxchange:subfield code="b">BibliofilID</marcxchange:subfield></marcxchange:datafield><marcxchange:datafield tag="019" ind1=" " ind2=" "><marcxchange:subfield code="b">l</marcxchange:subfield></marcxchange:datafield><marcxchange:datafield tag="082" ind1="3" ind2=" "><marcxchange:subfield code="a">398.209481</marcxchange:subfield><marcxchange:subfield code="2">d</marcxchange:subfield></marcxchange:datafield><marcxchange:datafield tag="090" ind1=" " ind2=" "><marcxchange:subfield code="c">398.209481</marcxchange:subfield><marcxchange:subfield code="d">Heg/2</marcxchange:subfield></marcxchange:datafield><marcxchange:datafield tag="091" ind1=" " ind2=" "><marcxchange:subfield code="c">398.2</marcxchange:subfield><marcxchange:subfield code="d">r</marcxchange:subfield></marcxchange:datafield><marcxchange:datafield tag="099" ind1=" " ind2=" "><marcxchange:subfield code="a">xAgnar0827</marcxchange:subfield></marcxchange:datafield><marcxchange:datafield tag="100" ind1=" " ind2="0"><marcxchange:subfield code="a">Heggtveit, Hallvard Gunleikson</marcxchange:subfield><marcxchange:subfield code="d">1850-1925</marcxchange:subfield><marcxchange:subfield code="j">n.</marcxchange:subfield><marcxchange:subfield code="3">10091500</marcxchange:subfield></marcxchange:datafield><marcxchange:datafield tag="245" ind1="1" ind2="0"><marcxchange:subfield code="a">Norske sagn</marcxchange:subfield><marcxchange:subfield code="b">etter forskjellige kilder</marcxchange:subfield><marcxchange:subfield code="n">B.2</marcxchange:subfield><marcxchange:subfield code="c">(Utg. ved Jan Jørgen Alnæs)</marcxchange:subfield></marcxchange:datafield><marcxchange:datafield tag="250" ind1=" " ind2=" "><marcxchange:subfield code="a">3.utg</marcxchange:subfield></marcxchange:datafield><marcxchange:datafield tag="260" ind1=" " ind2=" "><marcxchange:subfield code="a">Oslo</marcxchange:subfield><marcxchange:subfield code="b">Cammermeyer</marcxchange:subfield><marcxchange:subfield code="c">1941-48</marcxchange:subfield></marcxchange:datafield><marcxchange:datafield tag="300" ind1=" " ind2=" "><marcxchange:subfield code="a">1 b.</marcxchange:subfield></marcxchange:datafield><marcxchange:datafield tag="655" ind1=" " ind2=" "><marcxchange:subfield code="a">Sagn, Norske</marcxchange:subfield><marcxchange:subfield code="1">398.209481</marcxchange:subfield><marcxchange:subfield code="6">398.2 z</marcxchange:subfield><marcxchange:subfield code="4">d5</marcxchange:subfield><marcxchange:subfield code="3">2043350100</marcxchange:subfield></marcxchange:datafield><marcxchange:datafield tag="700" ind1=" " ind2=" "><marcxchange:subfield code="a">Alnæs, Jan Jørgen</marcxchange:subfield><marcxchange:subfield code="d">1901-</marcxchange:subfield><marcxchange:subfield code="j">n.</marcxchange:subfield><marcxchange:subfield code="e">utg.</marcxchange:subfield><marcxchange:subfield code="3">10091600</marcxchange:subfield></marcxchange:datafield><marcxchange:datafield tag="850" ind1=" " ind2=" "><marcxchange:subfield code="a">NO-2030000</marcxchange:subfield><marcxchange:subfield code="b">Barne- og ungdomsavdelingen</marcxchange:subfield><marcxchange:subfield code="c">u</marcxchange:subfield><marcxchange:subfield code="f">9</marcxchange:subfield><marcxchange:subfield code="h">0</marcxchange:subfield><marcxchange:subfield code="x">2012-08-02T11:54+0200</marcxchange:subfield></marcxchange:datafield><marcxchange:datafield tag="850" ind1=" " ind2=" "><marcxchange:subfield code="a">NO-2030000</marcxchange:subfield><marcxchange:subfield code="b">Barne- og ungdomsavdelingen</marcxchange:subfield><marcxchange:subfield code="c">u</marcxchange:subfield><marcxchange:subfield code="f">9</marcxchange:subfield><marcxchange:subfield code="h">0</marcxchange:subfield><marcxchange:subfield code="x">2012-08-02T11:54+0200</marcxchange:subfield></marcxchange:datafield><marcxchange:datafield tag="850" ind1=" " ind2=" "><marcxchange:subfield code="a">NO-2030000</marcxchange:subfield><marcxchange:subfield code="b">Barne- og ungdomsavdelingen</marcxchange:subfield><marcxchange:subfield code="c">um</marcxchange:subfield><marcxchange:subfield code="f">9</marcxchange:subfield><marcxchange:subfield code="h">0</marcxchange:subfield><marcxchange:subfield code="x">2012-08-02T11:54+0200</marcxchange:subfield></marcxchange:datafield><marcxchange:datafield tag="850" ind1=" " ind2=" "><marcxchange:subfield code="a">NO-2030000</marcxchange:subfield><marcxchange:subfield code="b">Barne- og ungdomsavdelingen</marcxchange:subfield><marcxchange:subfield code="c">um</marcxchange:subfield><marcxchange:subfield code="f">9</marcxchange:subfield><marcxchange:subfield code="h">0</marcxchange:subfield><marcxchange:subfield code="x">2012-08-02T11:54+0200</marcxchange:subfield></marcxchange:datafield><marcxchange:datafield tag="850" ind1=" " ind2=" "><marcxchange:subfield code="a">NO-2030000</marcxchange:subfield><marcxchange:subfield code="b">Voksenavdelingen, Hovedbiblioteket</marcxchange:subfield><marcxchange:subfield code="c">m</marcxchange:subfield><marcxchange:subfield code="f">9</marcxchange:subfield><marcxchange:subfield code="h">0</marcxchange:subfield><marcxchange:subfield code="x">2012-08-02T11:54+0200</marcxchange:subfield></marcxchange:datafield><marcxchange:datafield tag="996" ind1=" " ind2=" "><marcxchange:subfield code="u">http://www.deich.folkebibl.no/cgi-bin/websok?tnr=31751&amp;sourceid=OAI</marcxchange:subfield><marcxchange:subfield code="t">local</marcxchange:subfield></marcxchange:datafield></marcxchange:record></metadata></record>