<record><header><identifier>oai:bibliofil.no:NO-2030000:50536</identifier><datestamp>2012-05-21</datestamp><setSpec>bibliofil:data</setSpec></header><metadata><marcxchange:record format="normarc" type="Bibliographic" xmlns:marcxchange="info:lc/xmlns/marcxchange-v1"><marcxchange:leader>00376nam  2200145   4500</marcxchange:leader><marcxchange:controlfield tag="001">50536</marcxchange:controlfield><marcxchange:controlfield tag="008">871105                j          0 eng  </marcxchange:controlfield><marcxchange:datafield tag="019" ind1=" " ind2=" "><marcxchange:subfield code="b">l</marcxchange:subfield></marcxchange:datafield><marcxchange:datafield tag="090" ind1=" " ind2=" "><marcxchange:subfield code="b">u  </marcxchange:subfield><marcxchange:subfield code="c">82</marcxchange:subfield><marcxchange:subfield code="d">Dic</marcxchange:subfield></marcxchange:datafield><marcxchange:datafield tag="100" ind1=" " ind2="0"><marcxchange:subfield code="a">Dickens, Charles</marcxchange:subfield><marcxchange:subfield code="d">1812-1870</marcxchange:subfield><marcxchange:subfield code="j">eng.</marcxchange:subfield><marcxchange:subfield code="1">823</marcxchange:subfield><marcxchange:subfield code="6">820 x</marcxchange:subfield><marcxchange:subfield code="3">10240800</marcxchange:subfield></marcxchange:datafield><marcxchange:datafield tag="245" ind1="1" ind2="0"><marcxchange:subfield code="a">The Old Curiosity Shop.</marcxchange:subfield></marcxchange:datafield><marcxchange:datafield tag="260" ind1=" " ind2=" "><marcxchange:subfield code="a">Lond.</marcxchange:subfield><marcxchange:subfield code="c">u.å.   </marcxchange:subfield><marcxchange:subfield code="b">Blackie</marcxchange:subfield></marcxchange:datafield><marcxchange:datafield tag="300" ind1=" " ind2=" "><marcxchange:subfield code="a">514 s.</marcxchange:subfield></marcxchange:datafield><marcxchange:datafield tag="490" ind1=" " ind2=" "><marcxchange:subfield code="a">( Collins classics, 473)</marcxchange:subfield></marcxchange:datafield><marcxchange:datafield tag="850" ind1=" " ind2=" "><marcxchange:subfield code="a">NO-2030000</marcxchange:subfield><marcxchange:subfield code="b">Barne- og ungdomsavdelingen</marcxchange:subfield><marcxchange:subfield code="c">u</marcxchange:subfield><marcxchange:subfield code="f">9</marcxchange:subfield><marcxchange:subfield code="h">4</marcxchange:subfield><marcxchange:subfield code="x">2012-08-02T11:54+0200</marcxchange:subfield><marcxchange:subfield code="y">1900-01-15</marcxchange:subfield></marcxchange:datafield><marcxchange:datafield tag="996" ind1=" " ind2=" "><marcxchange:subfield code="u">http://www.deich.folkebibl.no/cgi-bin/websok?tnr=50536&amp;sourceid=OAI</marcxchange:subfield><marcxchange:subfield code="t">local</marcxchange:subfield></marcxchange:datafield></marcxchange:record></metadata></record>