<record><header><identifier>oai:bibliofil.no:NO-2030000:51511</identifier><datestamp>2012-05-21</datestamp><setSpec>bibliofil:data</setSpec></header><metadata><marcxchange:record format="normarc" type="Bibliographic" xmlns:marcxchange="info:lc/xmlns/marcxchange-v1"><marcxchange:leader>00362nam  2200157   4500</marcxchange:leader><marcxchange:controlfield tag="001">51511</marcxchange:controlfield><marcxchange:controlfield tag="008">871106                j          0 eng  </marcxchange:controlfield><marcxchange:datafield tag="015" ind1=" " ind2=" "><marcxchange:subfield code="a">2530</marcxchange:subfield><marcxchange:subfield code="b">BibliofilID</marcxchange:subfield></marcxchange:datafield><marcxchange:datafield tag="019" ind1=" " ind2=" "><marcxchange:subfield code="b">l</marcxchange:subfield></marcxchange:datafield><marcxchange:datafield tag="020" ind1=" " ind2=" "><marcxchange:subfield code="a">0234722053</marcxchange:subfield><marcxchange:subfield code="c">NOK67</marcxchange:subfield></marcxchange:datafield><marcxchange:datafield tag="090" ind1=" " ind2=" "><marcxchange:subfield code="b">u  </marcxchange:subfield><marcxchange:subfield code="c">82</marcxchange:subfield><marcxchange:subfield code="d">Kil</marcxchange:subfield></marcxchange:datafield><marcxchange:datafield tag="100" ind1=" " ind2="0"><marcxchange:subfield code="a">Kilner, Geoffrey</marcxchange:subfield><marcxchange:subfield code="3">10195700</marcxchange:subfield></marcxchange:datafield><marcxchange:datafield tag="245" ind1="1" ind2="0"><marcxchange:subfield code="a">Kingfisher.</marcxchange:subfield></marcxchange:datafield><marcxchange:datafield tag="260" ind1=" " ind2=" "><marcxchange:subfield code="a">London</marcxchange:subfield><marcxchange:subfield code="c">1980   </marcxchange:subfield><marcxchange:subfield code="b">Dobson</marcxchange:subfield></marcxchange:datafield><marcxchange:datafield tag="300" ind1=" " ind2=" "><marcxchange:subfield code="a">151 s.</marcxchange:subfield></marcxchange:datafield><marcxchange:datafield tag="850" ind1=" " ind2=" "><marcxchange:subfield code="a">NO-2030000</marcxchange:subfield><marcxchange:subfield code="b">Barne- og ungdomsavdelingen</marcxchange:subfield><marcxchange:subfield code="c">u</marcxchange:subfield><marcxchange:subfield code="f">9</marcxchange:subfield><marcxchange:subfield code="h">0</marcxchange:subfield><marcxchange:subfield code="x">2012-08-02T11:54+0200</marcxchange:subfield></marcxchange:datafield><marcxchange:datafield tag="996" ind1=" " ind2=" "><marcxchange:subfield code="u">http://www.deich.folkebibl.no/cgi-bin/websok?tnr=51511&amp;sourceid=OAI</marcxchange:subfield><marcxchange:subfield code="t">local</marcxchange:subfield></marcxchange:datafield></marcxchange:record></metadata></record><record><header status="deleted"><identifier>oai:bibliofil.no:NO-2030000:51535</identifier><datestamp>2012-05-21</datestamp><setSpec>bibliofil:data</setSpec></header></record><record><header status="deleted"><identifier>oai:bibliofil.no:NO-2030000:51595</identifier><datestamp>2012-05-21</datestamp><setSpec>bibliofil:data</setSpec></header></record><record><header status="deleted"><identifier>oai:bibliofil.no:NO-2030000:51921</identifier><datestamp>2012-05-21</datestamp><setSpec>bibliofil:data</setSpec></header></record>