<record><header><identifier>oai:bibliofil.no:NO-2030000:54121</identifier><datestamp>2012-05-21</datestamp><setSpec>bibliofil:data</setSpec></header><metadata><marcxchange:record format="normarc" type="Bibliographic" xmlns:marcxchange="info:lc/xmlns/marcxchange-v1"><marcxchange:leader>00680nam  2200217   4500</marcxchange:leader><marcxchange:controlfield tag="001">54121</marcxchange:controlfield><marcxchange:controlfield tag="008">871204                a          1 ger    </marcxchange:controlfield><marcxchange:datafield tag="015" ind1=" " ind2=" "><marcxchange:subfield code="a">2554</marcxchange:subfield><marcxchange:subfield code="b">BibliofilID</marcxchange:subfield></marcxchange:datafield><marcxchange:datafield tag="019" ind1=" " ind2=" "><marcxchange:subfield code="b">l</marcxchange:subfield></marcxchange:datafield><marcxchange:datafield tag="020" ind1=" " ind2=" "><marcxchange:subfield code="a">8742976618</marcxchange:subfield><marcxchange:subfield code="b">h.</marcxchange:subfield></marcxchange:datafield><marcxchange:datafield tag="090" ind1=" " ind2=" "><marcxchange:subfield code="b">83 Win</marcxchange:subfield></marcxchange:datafield><marcxchange:datafield tag="099" ind1=" " ind2=" "><marcxchange:subfield code="a">xbsj901109</marcxchange:subfield></marcxchange:datafield><marcxchange:datafield tag="100" ind1=" " ind2="0"><marcxchange:subfield code="a">Winnig, August</marcxchange:subfield><marcxchange:subfield code="d">1878-1956</marcxchange:subfield><marcxchange:subfield code="j">t.</marcxchange:subfield><marcxchange:subfield code="3">10196700</marcxchange:subfield></marcxchange:datafield><marcxchange:datafield tag="245" ind1="1" ind2="0"><marcxchange:subfield code="a">Das Römerzimmer . Der Schneider von Osterwük</marcxchange:subfield><marcxchange:subfield code="c">Illustrationen: Oskar Jørgensen</marcxchange:subfield></marcxchange:datafield><marcxchange:datafield tag="260" ind1=" " ind2=" "><marcxchange:subfield code="a">Kph./Oslo</marcxchange:subfield><marcxchange:subfield code="b">Grafisk forlag/Gyldendal</marcxchange:subfield><marcxchange:subfield code="c">1972</marcxchange:subfield></marcxchange:datafield><marcxchange:datafield tag="300" ind1=" " ind2=" "><marcxchange:subfield code="a">47 s.</marcxchange:subfield><marcxchange:subfield code="b">ill.</marcxchange:subfield></marcxchange:datafield><marcxchange:datafield tag="440" ind1=" " ind2=" "><marcxchange:subfield code="a">Easy readers</marcxchange:subfield><marcxchange:subfield code="p">A</marcxchange:subfield><marcxchange:subfield code="3">10195500</marcxchange:subfield></marcxchange:datafield><marcxchange:datafield tag="500" ind1=" " ind2=" "><marcxchange:subfield code="a">Gekürzt und vereinfacht für Schule und Selbststudium</marcxchange:subfield></marcxchange:datafield><marcxchange:datafield tag="700" ind1=" " ind2=" "><marcxchange:subfield code="a">Jørgensen, Oskar</marcxchange:subfield><marcxchange:subfield code="e">Illustr.</marcxchange:subfield><marcxchange:subfield code="3">10195600</marcxchange:subfield></marcxchange:datafield><marcxchange:datafield tag="740" ind1=" " ind2=" "><marcxchange:subfield code="a">Der Schneider von Osterwük</marcxchange:subfield><marcxchange:subfield code="e">deltit.</marcxchange:subfield></marcxchange:datafield><marcxchange:datafield tag="850" ind1=" " ind2=" "><marcxchange:subfield code="a">NO-2030000</marcxchange:subfield><marcxchange:subfield code="b">Grünerløkka filial.</marcxchange:subfield><marcxchange:subfield code="f">9</marcxchange:subfield><marcxchange:subfield code="h">3</marcxchange:subfield><marcxchange:subfield code="x">2012-08-02T11:54+0200</marcxchange:subfield></marcxchange:datafield><marcxchange:datafield tag="850" ind1=" " ind2=" "><marcxchange:subfield code="a">NO-2030000</marcxchange:subfield><marcxchange:subfield code="b">Stovner filial</marcxchange:subfield><marcxchange:subfield code="f">9</marcxchange:subfield><marcxchange:subfield code="h">0</marcxchange:subfield><marcxchange:subfield code="x">2012-08-02T11:54+0200</marcxchange:subfield></marcxchange:datafield><marcxchange:datafield tag="996" ind1=" " ind2=" "><marcxchange:subfield code="u">http://www.deich.folkebibl.no/cgi-bin/websok?tnr=54121&amp;sourceid=OAI</marcxchange:subfield><marcxchange:subfield code="t">local</marcxchange:subfield></marcxchange:datafield></marcxchange:record></metadata></record>