<record><header><identifier>oai:bibliofil.no:NO-2030000:58170</identifier><datestamp>2012-05-21</datestamp><setSpec>bibliofil:data</setSpec></header><metadata><marcxchange:record format="normarc" type="Bibliographic" xmlns:marcxchange="info:lc/xmlns/marcxchange-v1"><marcxchange:leader>00814nam  2200253   4500</marcxchange:leader><marcxchange:controlfield tag="001">58170</marcxchange:controlfield><marcxchange:controlfield tag="008">880929                a          10nob r</marcxchange:controlfield><marcxchange:datafield tag="015" ind1=" " ind2=" "><marcxchange:subfield code="a">2654</marcxchange:subfield><marcxchange:subfield code="b">BibliofilID</marcxchange:subfield></marcxchange:datafield><marcxchange:datafield tag="019" ind1=" " ind2=" "><marcxchange:subfield code="b">l</marcxchange:subfield><marcxchange:subfield code="d">D</marcxchange:subfield></marcxchange:datafield><marcxchange:datafield tag="020" ind1=" " ind2=" "><marcxchange:subfield code="a">8209018302</marcxchange:subfield><marcxchange:subfield code="c">NOK54</marcxchange:subfield></marcxchange:datafield><marcxchange:datafield tag="090" ind1=" " ind2=" "><marcxchange:subfield code="b">.     Abr</marcxchange:subfield></marcxchange:datafield><marcxchange:datafield tag="100" ind1=" " ind2="0"><marcxchange:subfield code="a">Abrahamsen, Odd</marcxchange:subfield><marcxchange:subfield code="d">1924-</marcxchange:subfield><marcxchange:subfield code="j">n.</marcxchange:subfield><marcxchange:subfield code="3">10200900</marcxchange:subfield></marcxchange:datafield><marcxchange:datafield tag="245" ind1="1" ind2="0"><marcxchange:subfield code="a">Innlevelser</marcxchange:subfield><marcxchange:subfield code="b">dikt og gjendiktninger.</marcxchange:subfield></marcxchange:datafield><marcxchange:datafield tag="260" ind1=" " ind2=" "><marcxchange:subfield code="a">Oslo</marcxchange:subfield><marcxchange:subfield code="b">Dreyer</marcxchange:subfield><marcxchange:subfield code="c">1980</marcxchange:subfield></marcxchange:datafield><marcxchange:datafield tag="300" ind1=" " ind2=" "><marcxchange:subfield code="a">84 s.</marcxchange:subfield></marcxchange:datafield><marcxchange:datafield tag="700" ind1="1" ind2="0"><marcxchange:subfield code="a">Anhava, Helena</marcxchange:subfield><marcxchange:subfield code="e">medforf.</marcxchange:subfield><marcxchange:subfield code="3">10201100</marcxchange:subfield></marcxchange:datafield><marcxchange:datafield tag="700" ind1="1" ind2="0"><marcxchange:subfield code="a">Ausländer, Rose</marcxchange:subfield><marcxchange:subfield code="d">1901-1988</marcxchange:subfield><marcxchange:subfield code="e">medforf.</marcxchange:subfield><marcxchange:subfield code="3">10201300</marcxchange:subfield></marcxchange:datafield><marcxchange:datafield tag="700" ind1="1" ind2="0"><marcxchange:subfield code="a">Bachmann, Ingeborg</marcxchange:subfield><marcxchange:subfield code="d">1926-1973</marcxchange:subfield><marcxchange:subfield code="j">øst.</marcxchange:subfield><marcxchange:subfield code="e">medforf.</marcxchange:subfield><marcxchange:subfield code="3">20193500</marcxchange:subfield></marcxchange:datafield><marcxchange:datafield tag="700" ind1="1" ind2="0"><marcxchange:subfield code="a">Bobrowski, Johannes</marcxchange:subfield><marcxchange:subfield code="d">1917-1965</marcxchange:subfield><marcxchange:subfield code="j">t.</marcxchange:subfield><marcxchange:subfield code="e">medforf.</marcxchange:subfield><marcxchange:subfield code="3">24174800</marcxchange:subfield></marcxchange:datafield><marcxchange:datafield tag="700" ind1="1" ind2="0"><marcxchange:subfield code="a">Celan, Paul</marcxchange:subfield><marcxchange:subfield code="d">1920-1970</marcxchange:subfield><marcxchange:subfield code="j">rum.-t.</marcxchange:subfield><marcxchange:subfield code="e">medforf.</marcxchange:subfield><marcxchange:subfield code="3">12910900</marcxchange:subfield></marcxchange:datafield><marcxchange:datafield tag="700" ind1="1" ind2="0"><marcxchange:subfield code="a">Fritz, Walter Helmut</marcxchange:subfield><marcxchange:subfield code="d">1929-</marcxchange:subfield><marcxchange:subfield code="e">medforf.</marcxchange:subfield><marcxchange:subfield code="3">20694600</marcxchange:subfield></marcxchange:datafield><marcxchange:datafield tag="700" ind1="1" ind2="0"><marcxchange:subfield code="a">Huchel, Peter</marcxchange:subfield><marcxchange:subfield code="d">1903-81</marcxchange:subfield><marcxchange:subfield code="j">t.</marcxchange:subfield><marcxchange:subfield code="e">medforf.</marcxchange:subfield><marcxchange:subfield code="3">13228500</marcxchange:subfield></marcxchange:datafield><marcxchange:datafield tag="700" ind1="1" ind2="0"><marcxchange:subfield code="a">Jentzch, Bernd</marcxchange:subfield><marcxchange:subfield code="e">medforf.</marcxchange:subfield><marcxchange:subfield code="3">10201000</marcxchange:subfield></marcxchange:datafield><marcxchange:datafield tag="850" ind1=" " ind2=" "><marcxchange:subfield code="a">NO-2030000</marcxchange:subfield><marcxchange:subfield code="b">Voksenavdelingen, Hovedbiblioteket</marcxchange:subfield><marcxchange:subfield code="c">m</marcxchange:subfield><marcxchange:subfield code="f">9</marcxchange:subfield><marcxchange:subfield code="h">0</marcxchange:subfield><marcxchange:subfield code="x">2012-08-02T11:54+0200</marcxchange:subfield></marcxchange:datafield><marcxchange:datafield tag="850" ind1=" " ind2=" "><marcxchange:subfield code="a">NO-2030000</marcxchange:subfield><marcxchange:subfield code="b">Voksenavdelingen, Hovedbiblioteket</marcxchange:subfield><marcxchange:subfield code="f">9</marcxchange:subfield><marcxchange:subfield code="h">0</marcxchange:subfield><marcxchange:subfield code="x">2012-08-02T11:54+0200</marcxchange:subfield></marcxchange:datafield><marcxchange:datafield tag="996" ind1=" " ind2=" "><marcxchange:subfield code="u">http://www.deich.folkebibl.no/cgi-bin/websok?tnr=58170&amp;sourceid=OAI</marcxchange:subfield><marcxchange:subfield code="t">local</marcxchange:subfield></marcxchange:datafield></marcxchange:record></metadata></record>