<record><header><identifier>oai:bibliofil.no:NO-2030000:58178</identifier><datestamp>2012-05-21</datestamp><setSpec>bibliofil:data</setSpec></header><metadata><marcxchange:record format="normarc" type="Bibliographic" xmlns:marcxchange="info:lc/xmlns/marcxchange-v1"><marcxchange:leader>00793nam  2200253   4500</marcxchange:leader><marcxchange:controlfield tag="001">58178</marcxchange:controlfield><marcxchange:controlfield tag="007">                                          </marcxchange:controlfield><marcxchange:controlfield tag="008">880929                a          1 nob r  </marcxchange:controlfield><marcxchange:datafield tag="015" ind1=" " ind2=" "><marcxchange:subfield code="a">2664</marcxchange:subfield><marcxchange:subfield code="b">BibliofilID</marcxchange:subfield></marcxchange:datafield><marcxchange:datafield tag="019" ind1=" " ind2=" "><marcxchange:subfield code="b">l</marcxchange:subfield><marcxchange:subfield code="d">D</marcxchange:subfield></marcxchange:datafield><marcxchange:datafield tag="020" ind1=" " ind2=" "><marcxchange:subfield code="a">8209019546</marcxchange:subfield></marcxchange:datafield><marcxchange:datafield tag="090" ind1=" " ind2=" "><marcxchange:subfield code="b">D Abr</marcxchange:subfield></marcxchange:datafield><marcxchange:datafield tag="100" ind1=" " ind2="0"><marcxchange:subfield code="a">Abrahamsen, Odd</marcxchange:subfield><marcxchange:subfield code="d">1924-</marcxchange:subfield><marcxchange:subfield code="j">n.</marcxchange:subfield><marcxchange:subfield code="3">10200900</marcxchange:subfield></marcxchange:datafield><marcxchange:datafield tag="245" ind1="1" ind2="0"><marcxchange:subfield code="a">Til de lyse rommene</marcxchange:subfield><marcxchange:subfield code="b">dikt og gjendiktninger.</marcxchange:subfield></marcxchange:datafield><marcxchange:datafield tag="260" ind1=" " ind2=" "><marcxchange:subfield code="a">Oslo</marcxchange:subfield><marcxchange:subfield code="b">Dreyer</marcxchange:subfield><marcxchange:subfield code="c">1981</marcxchange:subfield></marcxchange:datafield><marcxchange:datafield tag="300" ind1=" " ind2=" "><marcxchange:subfield code="a">78 s.</marcxchange:subfield></marcxchange:datafield><marcxchange:datafield tag="700" ind1="1" ind2="0"><marcxchange:subfield code="a">Bachmann, Ingeborg</marcxchange:subfield><marcxchange:subfield code="d">1926-1973</marcxchange:subfield><marcxchange:subfield code="j">øst.</marcxchange:subfield><marcxchange:subfield code="e">medf.</marcxchange:subfield><marcxchange:subfield code="3">20193500</marcxchange:subfield></marcxchange:datafield><marcxchange:datafield tag="700" ind1="1" ind2="0"><marcxchange:subfield code="a">Bienek, Horst</marcxchange:subfield><marcxchange:subfield code="d">1930-</marcxchange:subfield><marcxchange:subfield code="j">t.</marcxchange:subfield><marcxchange:subfield code="e">medf</marcxchange:subfield><marcxchange:subfield code="3">15584300</marcxchange:subfield></marcxchange:datafield><marcxchange:datafield tag="700" ind1="1" ind2="0"><marcxchange:subfield code="a">Bobrowski, Johannes</marcxchange:subfield><marcxchange:subfield code="d">1917-1965</marcxchange:subfield><marcxchange:subfield code="j">t.</marcxchange:subfield><marcxchange:subfield code="e">medf.</marcxchange:subfield><marcxchange:subfield code="3">24174800</marcxchange:subfield></marcxchange:datafield><marcxchange:datafield tag="700" ind1="1" ind2="0"><marcxchange:subfield code="a">Kaschnitz, Marie Luise</marcxchange:subfield><marcxchange:subfield code="d">1901-1974</marcxchange:subfield><marcxchange:subfield code="j">t.</marcxchange:subfield><marcxchange:subfield code="e">medf.</marcxchange:subfield><marcxchange:subfield code="3">13519400</marcxchange:subfield></marcxchange:datafield><marcxchange:datafield tag="700" ind1="1" ind2="0"><marcxchange:subfield code="a">Kirsch, Sarah</marcxchange:subfield><marcxchange:subfield code="d">1935-</marcxchange:subfield><marcxchange:subfield code="j">t.</marcxchange:subfield><marcxchange:subfield code="e">medf.</marcxchange:subfield><marcxchange:subfield code="3">18302700</marcxchange:subfield></marcxchange:datafield><marcxchange:datafield tag="700" ind1="1" ind2="0"><marcxchange:subfield code="a">Meister, Ernst</marcxchange:subfield><marcxchange:subfield code="e">medf.</marcxchange:subfield><marcxchange:subfield code="3">10202300</marcxchange:subfield></marcxchange:datafield><marcxchange:datafield tag="700" ind1="1" ind2="0"><marcxchange:subfield code="a">Rokeah, David</marcxchange:subfield><marcxchange:subfield code="e">medf.</marcxchange:subfield><marcxchange:subfield code="3">10202200</marcxchange:subfield></marcxchange:datafield><marcxchange:datafield tag="850" ind1=" " ind2=" "><marcxchange:subfield code="a">NO-2030000</marcxchange:subfield><marcxchange:subfield code="b">Voksenavdelingen, Hovedbiblioteket</marcxchange:subfield><marcxchange:subfield code="c">m</marcxchange:subfield><marcxchange:subfield code="f">9</marcxchange:subfield><marcxchange:subfield code="h">0</marcxchange:subfield><marcxchange:subfield code="x">2012-08-02T11:54+0200</marcxchange:subfield></marcxchange:datafield><marcxchange:datafield tag="850" ind1=" " ind2=" "><marcxchange:subfield code="a">NO-2030000</marcxchange:subfield><marcxchange:subfield code="b">Voksenavdelingen, Hovedbiblioteket</marcxchange:subfield><marcxchange:subfield code="c">a</marcxchange:subfield><marcxchange:subfield code="f">9</marcxchange:subfield><marcxchange:subfield code="h">0</marcxchange:subfield><marcxchange:subfield code="x">2012-08-02T11:54+0200</marcxchange:subfield></marcxchange:datafield><marcxchange:datafield tag="850" ind1=" " ind2=" "><marcxchange:subfield code="a">NO-2030000</marcxchange:subfield><marcxchange:subfield code="b">Voksenavdelingen, Hovedbiblioteket</marcxchange:subfield><marcxchange:subfield code="c">m</marcxchange:subfield><marcxchange:subfield code="f">9</marcxchange:subfield><marcxchange:subfield code="h">0</marcxchange:subfield><marcxchange:subfield code="x">2012-08-02T11:54+0200</marcxchange:subfield></marcxchange:datafield><marcxchange:datafield tag="996" ind1=" " ind2=" "><marcxchange:subfield code="u">http://www.deich.folkebibl.no/cgi-bin/websok?tnr=58178&amp;sourceid=OAI</marcxchange:subfield><marcxchange:subfield code="t">local</marcxchange:subfield></marcxchange:datafield></marcxchange:record></metadata></record>