<record><header><identifier>oai:bibliofil.no:NO-2030000:58377</identifier><datestamp>2012-05-21</datestamp><setSpec>bibliofil:data</setSpec></header><metadata><marcxchange:record format="normarc" type="Bibliographic" xmlns:marcxchange="info:lc/xmlns/marcxchange-v1"><marcxchange:leader>00673nam  2200253   4500</marcxchange:leader><marcxchange:controlfield tag="001">58377</marcxchange:controlfield><marcxchange:controlfield tag="008">870804                j          1 nob  </marcxchange:controlfield><marcxchange:datafield tag="015" ind1=" " ind2=" "><marcxchange:subfield code="a">2775</marcxchange:subfield><marcxchange:subfield code="b">BibliofilID</marcxchange:subfield></marcxchange:datafield><marcxchange:datafield tag="019" ind1=" " ind2=" "><marcxchange:subfield code="b">l</marcxchange:subfield><marcxchange:subfield code="d">D</marcxchange:subfield></marcxchange:datafield><marcxchange:datafield tag="026" ind1=" " ind2=" "><marcxchange:subfield code="a">0050392</marcxchange:subfield></marcxchange:datafield><marcxchange:datafield tag="026" ind1=" " ind2=" "><marcxchange:subfield code="a">0050620</marcxchange:subfield></marcxchange:datafield><marcxchange:datafield tag="026" ind1=" " ind2=" "><marcxchange:subfield code="a">0050659</marcxchange:subfield></marcxchange:datafield><marcxchange:datafield tag="026" ind1=" " ind2=" "><marcxchange:subfield code="a">0050727</marcxchange:subfield></marcxchange:datafield><marcxchange:datafield tag="026" ind1=" " ind2=" "><marcxchange:subfield code="a">0062802</marcxchange:subfield></marcxchange:datafield><marcxchange:datafield tag="026" ind1=" " ind2=" "><marcxchange:subfield code="a">0062809</marcxchange:subfield></marcxchange:datafield><marcxchange:datafield tag="026" ind1=" " ind2=" "><marcxchange:subfield code="a">0074223</marcxchange:subfield></marcxchange:datafield><marcxchange:datafield tag="090" ind1=" " ind2=" "><marcxchange:subfield code="b"> D         Bjø</marcxchange:subfield></marcxchange:datafield><marcxchange:datafield tag="100" ind1=" " ind2="0"><marcxchange:subfield code="a">Bjørnson, Bjørnstjerne</marcxchange:subfield><marcxchange:subfield code="d">1832-1910</marcxchange:subfield><marcxchange:subfield code="j">n.</marcxchange:subfield><marcxchange:subfield code="1">839.828</marcxchange:subfield><marcxchange:subfield code="4">d5</marcxchange:subfield><marcxchange:subfield code="6">839.82 x</marcxchange:subfield><marcxchange:subfield code="3">34496300</marcxchange:subfield></marcxchange:datafield><marcxchange:datafield tag="245" ind1="1" ind2="0"><marcxchange:subfield code="a">Arnljot Gelline</marcxchange:subfield></marcxchange:datafield><marcxchange:datafield tag="260" ind1=" " ind2=" "><marcxchange:subfield code="a">Oslo</marcxchange:subfield><marcxchange:subfield code="c">1949   </marcxchange:subfield><marcxchange:subfield code="b">Gyldendal</marcxchange:subfield></marcxchange:datafield><marcxchange:datafield tag="300" ind1=" " ind2=" "><marcxchange:subfield code="a">96 s.</marcxchange:subfield></marcxchange:datafield><marcxchange:datafield tag="440" ind1=" " ind2=" "><marcxchange:subfield code="a">Gyldendals skoleutgaver av norske forfattere</marcxchange:subfield><marcxchange:subfield code="3">10205100</marcxchange:subfield></marcxchange:datafield><marcxchange:datafield tag="500" ind1=" " ind2=" "><marcxchange:subfield code="a">Med innledning og merknader av Sigurd Skonhoft</marcxchange:subfield></marcxchange:datafield><marcxchange:datafield tag="850" ind1=" " ind2=" "><marcxchange:subfield code="a">NO-2030000</marcxchange:subfield><marcxchange:subfield code="b">Barne- og ungdomsavdelingen</marcxchange:subfield><marcxchange:subfield code="c">um</marcxchange:subfield><marcxchange:subfield code="f">9</marcxchange:subfield><marcxchange:subfield code="h">3</marcxchange:subfield><marcxchange:subfield code="x">2012-08-02T11:54+0200</marcxchange:subfield></marcxchange:datafield><marcxchange:datafield tag="996" ind1=" " ind2=" "><marcxchange:subfield code="u">http://www.deich.folkebibl.no/cgi-bin/websok?tnr=58377&amp;sourceid=OAI</marcxchange:subfield><marcxchange:subfield code="t">local</marcxchange:subfield></marcxchange:datafield></marcxchange:record></metadata></record>