<record><header><identifier>oai:bibliofil.no:NO-2030000:59951</identifier><datestamp>2012-05-21</datestamp><setSpec>bibliofil:data</setSpec></header><metadata><marcxchange:record format="normarc" type="Bibliographic" xmlns:marcxchange="info:lc/xmlns/marcxchange-v1"><marcxchange:leader>00438nam  2200169   4500</marcxchange:leader><marcxchange:controlfield tag="001">59951</marcxchange:controlfield><marcxchange:controlfield tag="008">870911                j          1 dan    </marcxchange:controlfield><marcxchange:datafield tag="015" ind1=" " ind2=" "><marcxchange:subfield code="a">2845</marcxchange:subfield><marcxchange:subfield code="b">BibliofilID</marcxchange:subfield></marcxchange:datafield><marcxchange:datafield tag="019" ind1=" " ind2=" "><marcxchange:subfield code="b">l</marcxchange:subfield><marcxchange:subfield code="d">D</marcxchange:subfield></marcxchange:datafield><marcxchange:datafield tag="090" ind1=" " ind2=" "><marcxchange:subfield code="b">u DDan     . Ras</marcxchange:subfield></marcxchange:datafield><marcxchange:datafield tag="100" ind1=" " ind2="0"><marcxchange:subfield code="a">Rasmussen, Halfdan</marcxchange:subfield><marcxchange:subfield code="d">1915-2002</marcxchange:subfield><marcxchange:subfield code="j">d.</marcxchange:subfield><marcxchange:subfield code="3">14228800</marcxchange:subfield></marcxchange:datafield><marcxchange:datafield tag="245" ind1="1" ind2="0"><marcxchange:subfield code="a">Børnerim.</marcxchange:subfield></marcxchange:datafield><marcxchange:datafield tag="260" ind1=" " ind2=" "><marcxchange:subfield code="a">Kbh.</marcxchange:subfield><marcxchange:subfield code="c">1964</marcxchange:subfield><marcxchange:subfield code="b">Schønberg</marcxchange:subfield></marcxchange:datafield><marcxchange:datafield tag="300" ind1=" " ind2=" "><marcxchange:subfield code="a">162 s.</marcxchange:subfield><marcxchange:subfield code="b">ill.</marcxchange:subfield></marcxchange:datafield><marcxchange:datafield tag="693" ind1=" " ind2=" "><marcxchange:subfield code="a">Barnerim, Danske</marcxchange:subfield><marcxchange:subfield code="3">15346000</marcxchange:subfield></marcxchange:datafield><marcxchange:datafield tag="700" ind1="1" ind2="0"><marcxchange:subfield code="a">Olsen, Ib Spang</marcxchange:subfield><marcxchange:subfield code="d">1921-</marcxchange:subfield><marcxchange:subfield code="j">d.</marcxchange:subfield><marcxchange:subfield code="e">ill.</marcxchange:subfield><marcxchange:subfield code="3">10829700</marcxchange:subfield></marcxchange:datafield><marcxchange:datafield tag="850" ind1=" " ind2=" "><marcxchange:subfield code="a">NO-2030000</marcxchange:subfield><marcxchange:subfield code="b">Barne- og ungdomsavdelingen</marcxchange:subfield><marcxchange:subfield code="c">u</marcxchange:subfield><marcxchange:subfield code="f">9</marcxchange:subfield><marcxchange:subfield code="h">0</marcxchange:subfield><marcxchange:subfield code="x">2012-08-02T11:54+0200</marcxchange:subfield></marcxchange:datafield><marcxchange:datafield tag="996" ind1=" " ind2=" "><marcxchange:subfield code="u">http://www.deich.folkebibl.no/cgi-bin/websok?tnr=59951&amp;sourceid=OAI</marcxchange:subfield><marcxchange:subfield code="t">local</marcxchange:subfield></marcxchange:datafield></marcxchange:record></metadata></record>